@book{antonio,
author = {Andreas Antoniou},
title = {Digital Signal Processing},
publisher = {McGraw-Hill Professional},
year = {2005},
doi = {10.1036/0071454241},
address = {US},
edition   = {},
URL = {https://mhebooklibrary.com/doi/book/10.1036/0071454241},
eprint = {https://mhebooklibrary.com/doi/pdf/10.1036/0071454241},
ISBN   = {0071454241},
pages   = {-1}
}
